<record><leader>00000cas a22000007a 4500</leader><controlfield tag="001">14282367</controlfield><controlfield tag="008">860930d188u1928paudr ne      0    0eng  </controlfield><datafield ind1=" " ind2=" " tag="010"><subfield code="a">sn 86071964 </subfield></datafield><datafield ind1=" " ind2=" " tag="040"><subfield code="a">DLC</subfield><subfield code="b">eng</subfield><subfield code="c">DLC</subfield><subfield code="d">NPH</subfield><subfield code="d">OCLCQ</subfield></datafield><datafield ind1=" " ind2=" " tag="042"><subfield code="a">msc</subfield></datafield><datafield ind1="0" ind2="0" tag="050"><subfield code="a">Newspaper 9375-X</subfield></datafield><datafield ind1="0" ind2=" " tag="130"><subfield code="a">Daily news (New Brighton, Pa. : 1887)</subfield></datafield><datafield ind1="1" ind2="4" tag="245"><subfield code="a">The Daily news.</subfield></datafield><datafield ind1=" " ind2=" " tag="260"><subfield code="a">New Brighton, Pa. :</subfield><subfield code="b">Frank S. Reader &amp; Son</subfield></datafield><datafield ind1=" " ind2=" " tag="300"><subfield code="a">v. :</subfield><subfield code="b">ill. (chiefly advertisements) ;</subfield><subfield code="c">62 cm.</subfield></datafield><datafield ind1=" " ind2=" " tag="310"><subfield code="a">Daily</subfield></datafield><datafield ind1="1" ind2=" " tag="362"><subfield code="a">Ceased with Feb. 29, 1928 issue.</subfield></datafield><datafield ind1=" " ind2=" " tag="588"><subfield code="a">Description based on: Vol. 5, no. 2 (Feb. 2, 1887).</subfield></datafield><datafield ind1=" " ind2=" " tag="752"><subfield code="a">United States</subfield><subfield code="b">Pennsylvania</subfield><subfield code="c">Beaver</subfield><subfield code="d">New Brighton.</subfield></datafield><datafield ind1="0" ind2=" " tag="775"><subfield code="t">Beaver Valley news (New Brighton, Pa.)</subfield><subfield code="w">(DLC)sn 85054936</subfield></datafield><datafield ind1="0" ind2="0" tag="780"><subfield code="t">Beaver Valley daily news</subfield><subfield code="w">(DLC)sn 86071963</subfield></datafield><datafield ind1="0" ind2="7" tag="785"><subfield code="t">Beaver Falls tribune (Beaver Falls, Pa. : 1921 : Daily)</subfield><subfield code="w">(DLC)sn 86083356</subfield></datafield><datafield ind1="0" ind2="7" tag="785"><subfield code="t">Beaver Falls tribune and the Beaver Valley news</subfield><subfield code="w">(DLC)sn 86083354</subfield></datafield><datafield ind1="1" ind2=" " tag="029"><subfield code="a">AU@</subfield><subfield code="b">000025795653</subfield></datafield></record>